@article{lighthill1955kinematic,
  title="On kinematic waves {II}. A theory of traffic flow on long crowded roads",
  author={Lighthill, Michael James and Whitham, Gerald Beresford},
  journal={Proc. R. Soc. Lond. A},
  volume={229},
  number={1178},
  pages={317--345},
  year={1955},
  publisher={The Royal Society}
}

@article{richards1956shock,
  title={Shock waves on the highway},
  author={Richards, Paul I},
  journal={Operations research},
  volume={4},
  number={1},
  pages={42--51},
  year={1956},
  publisher={INFORMS}
}

@article{newell1993simplified,
  title="A simplified theory of kinematic waves in highway traffic, part {I}: General theory",
  author={Newell, Gordon F},
  journal={Transportation Research Part B: Methodological},
  volume={27},
  number={4},
  pages={281--287},
  year={1993},
  publisher={Elsevier}
}

@article{daganzo1994cell,
  title={The cell transmission model: A dynamic representation of highway traffic consistent with the hydrodynamic theory},
  author={Daganzo, Carlos F},
  journal={Transportation Research Part B: Methodological},
  volume={28},
  number={4},
  pages={269--287},
  year={1994},
  publisher={Elsevier}
}

@article{daganzo1995cell,
  title="The cell transmission model, part {II} : network traffic",
  author={Daganzo, Carlos F},
  journal={Transportation Research Part B: Methodological},
  volume={29},
  number={2},
  pages={79--93},
  year={1995},
  publisher={Elsevier}
}

@inproceedings{eberhart1998comparison,
  title={Comparison between genetic algorithms and particle swarm optimization},
  author={Eberhart, Russell C and Shi, Yuhui},
  booktitle={International conference on evolutionary programming},
  pages={611--616},
  year={1998},
  organization={Springer}
}

@inproceedings{yperman2005link,
  title={The Link Transmission Model: an efficient implementation of the kinematic wave theory in traffic networks},
  author={Yperman, Isaak and Logghe, Steven and Immers, Ben},
  booktitle={Proceedings of the 10th EWGT Meeting},
  pages={122--127},
  year={2005},
  organization={Poznan Poland}
}

@PhdThesis{yperman2007link,
author = {Yperman, Isaak},
title = {The link transmission model for dynamic network loading},
school = {Katholieke Universiteit Leuven},
year = {2007}
}

@article{gentile2010general,
  title={The General Link Transmission Model for dynamic network loading and a comparison with the DUE algorithm},
  author={Gentile, Guido and others},
  journal={New developments in transport planning: advances in Dynamic Traffic Assignment},
  volume={178},
  pages={153},
  year={2010}
}



@article{wardrop1952,
author = {Wardrop, J G},
title = {Road Paper. Some Theoretical Aspects of Road Traffic Research.},
journal = {Proceedings of the Institution of Civil Engineers},
volume = {1},
number = {3},
pages = {325-362},
year = {1952}
}

@techreport{koonce2008traffic,
  title={Traffic signal timing manual, No},
  author={Koonce, Peter and Rodegerdts, L and Lee, K and Quayle, S and Beaird, S and Braud, C and Bonneson, J and Tarnoff, P and Urbanik, T},
  year={2008},
  institution={FHWA-HOP-08-024}
}


@techreport{webster1958traffic,
  title={Traffic signal settings},
  author={Webster, F V},
  year={1958},
  institution={Transport and Road Research Laboratory}
}

@techreport{kimber1979traffic,
  title={Traffic queues and delays at road junctions},
  author={Kimber, RM and Hollis, Erica M},
  year={1979},
  number={LR909 Monograph}, 
  institution={Transport and Road Research Laboratory}
}

@article{manual1985special,
  title={Special report 209},
  author={Highway Capacity Manual},
  journal={Transportation Research Board, Washington, DC},
  volume={1},
  pages={985},
  year={1985}
}

@article{dickson1981note,
  title={A note on traffic assignment and signal timings in a signal-controlled road network},
  author={Dickson, Thomas J},
  journal={Transportation Research Part B: Methodological},
  volume={15},
  number={4},
  pages={267--271},
  year={1981},
  publisher={Elsevier}
}

@inproceedings{li2010safety,
  title={Safety Consideration in Signal Coordination and Road Design on Urban Streets},
  author={Li, Wei and Tarko, Andrew P},
  booktitle={4th International Symposium on Highway Geometric DesignPolytechnic University of ValenciaTransportation Research Board},
  year={2010}
}

@article{little1981maxband,
  title={MAXBAND: A versatile program for setting signals on arteries and triangular networks},
  author={Little, John DC and Kelson, Mark D and Gartner, Nathan H},
  year={1981},
  publisher={Alfred P. Sloan School of Management, Massachusetts Institute of Technology}
}

@book{tsay1988new,
  title={NEW ALGORITHM FOR SOLVING THE MAXIMUM PROGRESSION BANDWIDTH (WITH DISCUSSION AND CLOSURE)},
  author={Tsay, Huel-Sheng and Lin, Liang-Tay},
  number={1194},
  year={1988}
}


@incollection{papola2000new,
  title={A new analytical model for traffic signal synchronization},
  author={Papola, Natale and Fusco, Gaetano},
  booktitle={Traffic and Transportation Studies (2000)},
  pages={499--506},
  year={2000}
}

@article{robertson1969transyt,
  title={TRANSYT: a traffic network study tool},
  author={Robertson, Dennis I},
  year={1969},
  institution={Transport and Road Research Laboratory}
}

@article{robertson1986research,
  title={Research on the TRANSYT and SCOOT Methods of Signal Coordination},
  author={Robertson, Dennis I},
  journal={ITE journal},
  volume={56},
  number={1},
  pages={36--40},
  year={1986},
  publisher={Citeseer}
}


@article{park1999traffic,
  title={Traffic signal optimization program for oversaturated conditions: genetic algorithm approach},
  author={Park, Byungkyu and Messer, Carroll and Urbanik, Thomas},
  journal={Transportation Research Record: Journal of the Transportation Research Board},
  number={1683},
  pages={133--142},
  year={1999},
  publisher={Transportation Research Board of the National Academies}
}

@inproceedings{colombaroni2009optimization,
  title={Optimization of traffic signals on urban arteries through a platoon-based simulation model},
  author={Colombaroni, Chiara and Fusco, Gaetano and Gemma, Andrea and Demiralp, M and Baykara, N and Mastorakis, N},
  booktitle={WSEAS International Conference. Proceedings. Mathematics and Computers in Science and Engineering},
  number={11},
  year={2009},
  organization={World Scientific and Engineering Academy and Society}
}

@inproceedings{gentile2009synchronization,
  title={Synchronization of traffic signals through a heuristic-modified genetic algorithm with GLTM},
  author={Gentile, Guido and Tiddi, Daniele},
  booktitle={Proceedings of XIII Meeting of the Euro Working Group on Transportation, Padova University Press, Padua, Italy},
  year={2009}
}

@article{tiddi2012models,
  title={Models for dynamic network loading and algorithms for traffic signal synchronization},
  author={Tiddi, Daniele},
  year={2012}
}

@inproceedings{attanasi2015real,
  title={Real world applications using parallel computing techniques in dynamic traffic assignment and shortest path search},
  author={Attanasi, Alessandro and Silvestri, Edmondo and Meschini, Pietro and Gentile, Guido},
  booktitle={Intelligent Transportation Systems (ITSC), 2015 IEEE 18th International Conference on},
  pages={316--321},
  year={2015},
  organization={IEEE}
}

@article{aboudolas2009store,
  title={Store-and-forward based methods for the signal control problem in large-scale congested urban road networks},
  author={Aboudolas, Konstantinos and Papageorgiou, Markos and Kosmatopoulos, E},
  journal={Transportation Research Part C: Emerging Technologies},
  volume={17},
  number={2},
  pages={163--174},
  year={2009},
  publisher={Elsevier}
}

@article{diakaki2002multivariable,
  title={A multivariable regulator approach to traffic-responsive network-wide signal control},
  author={Diakaki, Christina and Papageorgiou, Markos and Aboudolas, Kostas},
  journal={Control Engineering Practice},
  volume={10},
  number={2},
  pages={183--195},
  year={2002},
  publisher={Elsevier}
}

@article{diakaki2003extensions,
  title={Extensions and new applications of the traffic-responsive urban control strategy: Coordinated signal control for urban networks},
  author={Diakaki, Christina and Dinopoulou, Vaya and Aboudolas, Kostas and Papageorgiou, Markos and Ben-Shabat, Elia and Seider, Eran and Leibov, Amit},
  journal={Transportation Research Record: Journal of the Transportation Research Board},
  number={1856},
  pages={202--211},
  year={2003},
  publisher={Transportation Research Board of the National Academies}
}

@article{keyvan2012congestion,
  title={Congestion control in urban networks via feedback gating},
  author={Keyvan-Ekbatani, Mehdi and Kouvelas, Anastasios and Papamichail, Ioannis and Papageorgiou, Markos},
  journal={Procedia-Social and Behavioral Sciences},
  volume={48},
  pages={1599--1610},
  year={2012},
  publisher={Elsevier}
}

@article{keyvan2013urban,
  title={Urban congestion gating control based on reduced operational network fundamental diagrams},
  author={Keyvan-Ekbatani, Mehdi and Papageorgiou, Markos and Papamichail, Ioannis},
  journal={Transportation Research Part C: Emerging Technologies},
  volume={33},
  pages={74--87},
  year={2013},
  publisher={Elsevier}
}

@inproceedings{de2015arterial,
  title={Arterial bandwidth maximization via signal offsets and variable speed limits control},
  author={De Nunzio, Giovanni and Gomes, Gabriel and de Wit, Carlos Canudas and Horowitz, Roberto and Moulin, Philippe},
  booktitle={Decision and Control (CDC), 2015 IEEE 54th Annual Conference on},
  pages={5142--5148},
  year={2015},
  organization={IEEE}
}


%%%%%%%%%%%%%%%%%%% cap 5 rant %%%%%%%%%%%%%%%%%%%%%
@article{brueckner2000urban,
  title={Urban sprawl: diagnosis and remedies},
  author={Brueckner, Jan K},
  journal={International regional science review},
  volume={23},
  number={2},
  pages={160--171},
  year={2000},
  publisher={Sage Publications Sage CA: Thousand Oaks, CA}
}

@article{lopez2004urban,
  title={Urban sprawl and risk for being overweight or obese},
  author={Lopez, Russ},
  journal={American journal of public health},
  volume={94},
  number={9},
  pages={1574--1579},
  year={2004},
  publisher={American Public Health Association}
}

@incollection{ewing2008relationship,
  title={Relationship between urban sprawl and physical activity, obesity, and morbidity},
  author={Ewing, Reid and Schmid, Tom and Killingsworth, Richard and Zlot, Amy and Raudenbush, Stephen},
  booktitle={Urban Ecology},
  pages={567--582},
  year={2008},
  publisher={Springer}
}

@article{flusche2012bicycling,
  title={Bicycling means business: The economic benefits of bicycle infrastructure},
  author={Flusche, Darren},
  year={2012}
}

@article{linda2003can,
  title={Can public transport compete with the private car?},
  author={Linda, STEG},
  journal={Iatss Research},
  volume={27},
  number={2},
  pages={27--35},
  year={2003},
  publisher={Elsevier}
}

@article{winston2000government,
  title={Government failure in urban transportation},
  author={Winston, Clifford},
  journal={Fiscal Studies},
  volume={21},
  number={4},
  pages={403--425},
  year={2000},
  publisher={Wiley Online Library}
}




